<?xml version="1.0" encoding="UTF-8"?><record xmlns="http://www.loc.gov/MARC21/slim" xmlns:cinclude="http://apache.org/cocoon/include/1.0" xmlns:zs="http://www.loc.gov/zing/srw/">
  <leader>00478nz  a2200133n  4500</leader>
  <controlfield tag="001">no2007011388</controlfield>
  <controlfield tag="003">DLC</controlfield>
  <controlfield tag="005">20070202075511.0</controlfield>
  <controlfield tag="008">070111n| acannaabn          |n ana     c</controlfield>
  <datafield tag="010" ind1=" " ind2=" ">
    <subfield code="a">no2007011388</subfield>
  </datafield>
  <datafield tag="035" ind1=" " ind2=" ">
    <subfield code="a">(OCoLC)oca07315687</subfield>
  </datafield>
  <datafield tag="040" ind1=" " ind2=" ">
    <subfield code="a">MsUnWMC</subfield>
    <subfield code="b">eng</subfield>
    <subfield code="c">MsUnWMC</subfield>
  </datafield>
  <datafield tag="110" ind1="2" ind2=" ">
    <subfield code="a">Mississippi Private School Association.</subfield>
    <subfield code="b">Band Division</subfield>
  </datafield>
  <datafield tag="670" ind1=" " ind2=" ">
    <subfield code="a">Mississippi Private School Association Band Division clinic--1984 [SR] 1984:</subfield>
    <subfield code="b">label (Mississippi Private School Association, Band Division)</subfield>
  </datafield>
</record>